<?xml version="1.0" encoding="UTF-8"?><collection xmlns="http://www.loc.gov/MARC21/slim"><record><leader>00562nam--2200181-u-4500</leader><controlfield tag="001">000055077</controlfield><controlfield tag="002">20161230</controlfield><controlfield tag="005">20161230201052</controlfield><controlfield tag="008">121030s1000------------r-----000-0-fre-d</controlfield><datafield ind1=" " ind2=" " tag="040"><subfield code="a">IFIN-HH</subfield></datafield><datafield ind1=" " ind2=" " tag="041"><subfield code="a">fre</subfield></datafield><datafield ind1=" " ind2=" " tag="080"><subfield code="a">537.222.22:538.956:538.915(043)</subfield></datafield><datafield ind1="1" ind2=" " tag="100"><subfield code="a">Allegre, Jacques</subfield></datafield><datafield ind1="1" ind2="0" tag="245"><subfield code="a">Etude de la bande interdite et des niveaux d'impuretes et excitoniques dans la gasb, le gaxin1-xsb et l'alxga1-xsb</subfield><subfield code="b">These</subfield><subfield code="c">Jacques allerge</subfield></datafield><datafield ind1=" " ind2=" " tag="260"><subfield code="a">Montpellier</subfield><subfield code="b">Uniersite</subfield><subfield code="c">1977</subfield></datafield><datafield ind1=" " ind2=" " tag="300"><subfield code="a">200P</subfield></datafield><datafield ind1=" " ind2=" " tag="852"><subfield code="a">46863</subfield><subfield code="c">539.2</subfield></datafield><datafield ind1=" " ind2=" " tag="CAT"><subfield code="a">Sys</subfield><subfield code="c">20121030</subfield><subfield code="h">172942</subfield></datafield></record></collection>